%YAML 1.1
%TAG !u! tag:unity3d.com,2011:
--- !u!1 &3985074245049327391
GameObject:
  m_ObjectHideFlags: 0
  m_CorrespondingSourceObject: {fileID: 0}
  m_PrefabInstance: {fileID: 0}
  m_PrefabAsset: {fileID: 0}
  serializedVersion: 6
  m_Component:
  - component: {fileID: 5868082550730976297}
  m_Layer: 5
  m_Name: SpawnPoints
  m_TagString: Untagged
  m_Icon: {fileID: 0}
  m_NavMeshLayer: 0
  m_StaticEditorFlags: 0
  m_IsActive: 1
--- !u!224 &5868082550730976297
RectTransform:
  m_ObjectHideFlags: 0
  m_CorrespondingSourceObject: {fileID: 0}
  m_PrefabInstance: {fileID: 0}
  m_PrefabAsset: {fileID: 0}
  m_GameObject: {fileID: 3985074245049327391}
  m_LocalRotation: {x: 0, y: 0, z: 0, w: 1}
  m_LocalPosition: {x: 0, y: 0, z: 0}
  m_LocalScale: {x: 1, y: 1, z: 1}
  m_Children:
  - {fileID: 2607520730801075255}
  - {fileID: 5623620942113117141}
  - {fileID: 1603292971155215501}
  - {fileID: 6658050922562264708}
  - {fileID: 4061101320102377656}
  - {fileID: 3550031984263129656}
  - {fileID: 8005779820288621694}
  - {fileID: 5659872709617434505}
  m_Father: {fileID: 0}
  m_RootOrder: 0
  m_LocalEulerAnglesHint: {x: 0, y: 0, z: 0}
  m_AnchorMin: {x: 0, y: 0}
  m_AnchorMax: {x: 1, y: 1}
  m_AnchoredPosition: {x: 0, y: 0}
  m_SizeDelta: {x: 0, y: 0}
  m_Pivot: {x: 0.5, y: 0.5}
--- !u!1001 &720774461768095811
PrefabInstance:
  m_ObjectHideFlags: 0
  serializedVersion: 2
  m_Modification:
    m_TransformParent: {fileID: 5868082550730976297}
    m_Modifications:
    - target: {fileID: 720537511842819885, guid: e76b458143644934092e96bae27566c8,
        type: 3}
      propertyPath: m_Name
      value: SpawnPlaineHautOuest
      objectReference: {fileID: 0}
    - target: {fileID: 4903199528829963158, guid: e76b458143644934092e96bae27566c8,
        type: 3}
      propertyPath: m_LocalPosition.x
      value: 0
      objectReference: {fileID: 0}
    - target: {fileID: 4903199528829963158, guid: e76b458143644934092e96bae27566c8,
        type: 3}
      propertyPath: m_LocalPosition.y
      value: 0
      objectReference: {fileID: 0}
    - target: {fileID: 4903199528829963158, guid: e76b458143644934092e96bae27566c8,
        type: 3}
      propertyPath: m_LocalPosition.z
      value: 0
      objectReference: {fileID: 0}
    - target: {fileID: 4903199528829963158, guid: e76b458143644934092e96bae27566c8,
        type: 3}
      propertyPath: m_LocalRotation.x
      value: -0
      objectReference: {fileID: 0}
    - target: {fileID: 4903199528829963158, guid: e76b458143644934092e96bae27566c8,
        type: 3}
      propertyPath: m_LocalRotation.y
      value: -0
      objectReference: {fileID: 0}
    - target: {fileID: 4903199528829963158, guid: e76b458143644934092e96bae27566c8,
        type: 3}
      propertyPath: m_LocalRotation.z
      value: -0
      objectReference: {fileID: 0}
    - target: {fileID: 4903199528829963158, guid: e76b458143644934092e96bae27566c8,
        type: 3}
      propertyPath: m_LocalRotation.w
      value: 1
      objectReference: {fileID: 0}
    - target: {fileID: 4903199528829963158, guid: e76b458143644934092e96bae27566c8,
        type: 3}
      propertyPath: m_RootOrder
      value: 1
      objectReference: {fileID: 0}
    - target: {fileID: 4903199528829963158, guid: e76b458143644934092e96bae27566c8,
        type: 3}
      propertyPath: m_LocalEulerAnglesHint.x
      value: 0
      objectReference: {fileID: 0}
    - target: {fileID: 4903199528829963158, guid: e76b458143644934092e96bae27566c8,
        type: 3}
      propertyPath: m_LocalEulerAnglesHint.y
      value: 0
      objectReference: {fileID: 0}
    - target: {fileID: 4903199528829963158, guid: e76b458143644934092e96bae27566c8,
        type: 3}
      propertyPath: m_LocalEulerAnglesHint.z
      value: 0
      objectReference: {fileID: 0}
    - target: {fileID: 4903199528829963158, guid: e76b458143644934092e96bae27566c8,
        type: 3}
      propertyPath: m_AnchoredPosition.x
      value: -0.3999939
      objectReference: {fileID: 0}
    - target: {fileID: 4903199528829963158, guid: e76b458143644934092e96bae27566c8,
        type: 3}
      propertyPath: m_AnchoredPosition.y
      value: -0.099990845
      objectReference: {fileID: 0}
    - target: {fileID: 4903199528829963158, guid: e76b458143644934092e96bae27566c8,
        type: 3}
      propertyPath: m_SizeDelta.x
      value: 1
      objectReference: {fileID: 0}
    - target: {fileID: 4903199528829963158, guid: e76b458143644934092e96bae27566c8,
        type: 3}
      propertyPath: m_SizeDelta.y
      value: -1
      objectReference: {fileID: 0}
    - target: {fileID: 4903199528829963158, guid: e76b458143644934092e96bae27566c8,
        type: 3}
      propertyPath: m_AnchorMin.x
      value: 0.31869805
      objectReference: {fileID: 0}
    - target: {fileID: 4903199528829963158, guid: e76b458143644934092e96bae27566c8,
        type: 3}
      propertyPath: m_AnchorMin.y
      value: 0.67239076
      objectReference: {fileID: 0}
    - target: {fileID: 4903199528829963158, guid: e76b458143644934092e96bae27566c8,
        type: 3}
      propertyPath: m_AnchorMax.x
      value: 0.33860397
      objectReference: {fileID: 0}
    - target: {fileID: 4903199528829963158, guid: e76b458143644934092e96bae27566c8,
        type: 3}
      propertyPath: m_AnchorMax.y
      value: 0.71300006
      objectReference: {fileID: 0}
    - target: {fileID: 4903199528829963158, guid: e76b458143644934092e96bae27566c8,
        type: 3}
      propertyPath: m_Pivot.x
      value: 0.5
      objectReference: {fileID: 0}
    - target: {fileID: 4903199528829963158, guid: e76b458143644934092e96bae27566c8,
        type: 3}
      propertyPath: m_Pivot.y
      value: 0.5
      objectReference: {fileID: 0}
    - target: {fileID: 4903199528829963158, guid: e76b458143644934092e96bae27566c8,
        type: 3}
      propertyPath: m_LocalScale.x
      value: 0.999972
      objectReference: {fileID: 0}
    - target: {fileID: 4903199528829963158, guid: e76b458143644934092e96bae27566c8,
        type: 3}
      propertyPath: m_LocalScale.y
      value: 0.999972
      objectReference: {fileID: 0}
    - target: {fileID: 4903199528829963158, guid: e76b458143644934092e96bae27566c8,
        type: 3}
      propertyPath: m_LocalScale.z
      value: 0.999972
      objectReference: {fileID: 0}
    m_RemovedComponents: []
  m_SourcePrefab: {fileID: 100100000, guid: e76b458143644934092e96bae27566c8, type: 3}
--- !u!224 &5623620942113117141 stripped
RectTransform:
  m_CorrespondingSourceObject: {fileID: 4903199528829963158, guid: e76b458143644934092e96bae27566c8,
    type: 3}
  m_PrefabInstance: {fileID: 720774461768095811}
  m_PrefabAsset: {fileID: 0}
--- !u!1001 &756677046266590239
PrefabInstance:
  m_ObjectHideFlags: 0
  serializedVersion: 2
  m_Modification:
    m_TransformParent: {fileID: 5868082550730976297}
    m_Modifications:
    - target: {fileID: 720537511842819885, guid: e76b458143644934092e96bae27566c8,
        type: 3}
      propertyPath: m_Name
      value: SpawnPlaineBasseEst
      objectReference: {fileID: 0}
    - target: {fileID: 4903199528829963158, guid: e76b458143644934092e96bae27566c8,
        type: 3}
      propertyPath: m_LocalPosition.x
      value: 0
      objectReference: {fileID: 0}
    - target: {fileID: 4903199528829963158, guid: e76b458143644934092e96bae27566c8,
        type: 3}
      propertyPath: m_LocalPosition.y
      value: 0
      objectReference: {fileID: 0}
    - target: {fileID: 4903199528829963158, guid: e76b458143644934092e96bae27566c8,
        type: 3}
      propertyPath: m_LocalPosition.z
      value: 0
      objectReference: {fileID: 0}
    - target: {fileID: 4903199528829963158, guid: e76b458143644934092e96bae27566c8,
        type: 3}
      propertyPath: m_LocalRotation.x
      value: -0
      objectReference: {fileID: 0}
    - target: {fileID: 4903199528829963158, guid: e76b458143644934092e96bae27566c8,
        type: 3}
      propertyPath: m_LocalRotation.y
      value: -0
      objectReference: {fileID: 0}
    - target: {fileID: 4903199528829963158, guid: e76b458143644934092e96bae27566c8,
        type: 3}
      propertyPath: m_LocalRotation.z
      value: -0
      objectReference: {fileID: 0}
    - target: {fileID: 4903199528829963158, guid: e76b458143644934092e96bae27566c8,
        type: 3}
      propertyPath: m_LocalRotation.w
      value: 1
      objectReference: {fileID: 0}
    - target: {fileID: 4903199528829963158, guid: e76b458143644934092e96bae27566c8,
        type: 3}
      propertyPath: m_RootOrder
      value: 7
      objectReference: {fileID: 0}
    - target: {fileID: 4903199528829963158, guid: e76b458143644934092e96bae27566c8,
        type: 3}
      propertyPath: m_LocalEulerAnglesHint.x
      value: 0
      objectReference: {fileID: 0}
    - target: {fileID: 4903199528829963158, guid: e76b458143644934092e96bae27566c8,
        type: 3}
      propertyPath: m_LocalEulerAnglesHint.y
      value: 0
      objectReference: {fileID: 0}
    - target: {fileID: 4903199528829963158, guid: e76b458143644934092e96bae27566c8,
        type: 3}
      propertyPath: m_LocalEulerAnglesHint.z
      value: 0
      objectReference: {fileID: 0}
    - target: {fileID: 4903199528829963158, guid: e76b458143644934092e96bae27566c8,
        type: 3}
      propertyPath: m_AnchoredPosition.x
      value: -48.2
      objectReference: {fileID: 0}
    - target: {fileID: 4903199528829963158, guid: e76b458143644934092e96bae27566c8,
        type: 3}
      propertyPath: m_AnchoredPosition.y
      value: -76.8
      objectReference: {fileID: 0}
    - target: {fileID: 4903199528829963158, guid: e76b458143644934092e96bae27566c8,
        type: 3}
      propertyPath: m_SizeDelta.x
      value: 0
      objectReference: {fileID: 0}
    - target: {fileID: 4903199528829963158, guid: e76b458143644934092e96bae27566c8,
        type: 3}
      propertyPath: m_SizeDelta.y
      value: 0
      objectReference: {fileID: 0}
    - target: {fileID: 4903199528829963158, guid: e76b458143644934092e96bae27566c8,
        type: 3}
      propertyPath: m_AnchorMin.x
      value: 0.642
      objectReference: {fileID: 0}
    - target: {fileID: 4903199528829963158, guid: e76b458143644934092e96bae27566c8,
        type: 3}
      propertyPath: m_AnchorMin.y
      value: 0.41700003
      objectReference: {fileID: 0}
    - target: {fileID: 4903199528829963158, guid: e76b458143644934092e96bae27566c8,
        type: 3}
      propertyPath: m_AnchorMax.x
      value: 0.6626105
      objectReference: {fileID: 0}
    - target: {fileID: 4903199528829963158, guid: e76b458143644934092e96bae27566c8,
        type: 3}
      propertyPath: m_AnchorMax.y
      value: 0.45733577
      objectReference: {fileID: 0}
    - target: {fileID: 4903199528829963158, guid: e76b458143644934092e96bae27566c8,
        type: 3}
      propertyPath: m_Pivot.x
      value: 0.5
      objectReference: {fileID: 0}
    - target: {fileID: 4903199528829963158, guid: e76b458143644934092e96bae27566c8,
        type: 3}
      propertyPath: m_Pivot.y
      value: 0.5
      objectReference: {fileID: 0}
    - target: {fileID: 4903199528829963158, guid: e76b458143644934092e96bae27566c8,
        type: 3}
      propertyPath: m_LocalScale.x
      value: 1.0001029
      objectReference: {fileID: 0}
    - target: {fileID: 4903199528829963158, guid: e76b458143644934092e96bae27566c8,
        type: 3}
      propertyPath: m_LocalScale.y
      value: 1.0001029
      objectReference: {fileID: 0}
    - target: {fileID: 4903199528829963158, guid: e76b458143644934092e96bae27566c8,
        type: 3}
      propertyPath: m_LocalScale.z
      value: 1.0001029
      objectReference: {fileID: 0}
    m_RemovedComponents: []
  m_SourcePrefab: {fileID: 100100000, guid: e76b458143644934092e96bae27566c8, type: 3}
--- !u!224 &5659872709617434505 stripped
RectTransform:
  m_CorrespondingSourceObject: {fileID: 4903199528829963158, guid: e76b458143644934092e96bae27566c8,
    type: 3}
  m_PrefabInstance: {fileID: 756677046266590239}
  m_PrefabAsset: {fileID: 0}
--- !u!1001 &1760221322623636754
PrefabInstance:
  m_ObjectHideFlags: 0
  serializedVersion: 2
  m_Modification:
    m_TransformParent: {fileID: 5868082550730976297}
    m_Modifications:
    - target: {fileID: 720537511842819885, guid: e76b458143644934092e96bae27566c8,
        type: 3}
      propertyPath: m_Name
      value: SpawnPlaineBasseOuest
      objectReference: {fileID: 0}
    - target: {fileID: 4903199528829963158, guid: e76b458143644934092e96bae27566c8,
        type: 3}
      propertyPath: m_LocalPosition.x
      value: 0
      objectReference: {fileID: 0}
    - target: {fileID: 4903199528829963158, guid: e76b458143644934092e96bae27566c8,
        type: 3}
      propertyPath: m_LocalPosition.y
      value: 0
      objectReference: {fileID: 0}
    - target: {fileID: 4903199528829963158, guid: e76b458143644934092e96bae27566c8,
        type: 3}
      propertyPath: m_LocalPosition.z
      value: 0
      objectReference: {fileID: 0}
    - target: {fileID: 4903199528829963158, guid: e76b458143644934092e96bae27566c8,
        type: 3}
      propertyPath: m_LocalRotation.x
      value: -0
      objectReference: {fileID: 0}
    - target: {fileID: 4903199528829963158, guid: e76b458143644934092e96bae27566c8,
        type: 3}
      propertyPath: m_LocalRotation.y
      value: -0
      objectReference: {fileID: 0}
    - target: {fileID: 4903199528829963158, guid: e76b458143644934092e96bae27566c8,
        type: 3}
      propertyPath: m_LocalRotation.z
      value: -0
      objectReference: {fileID: 0}
    - target: {fileID: 4903199528829963158, guid: e76b458143644934092e96bae27566c8,
        type: 3}
      propertyPath: m_LocalRotation.w
      value: 1
      objectReference: {fileID: 0}
    - target: {fileID: 4903199528829963158, guid: e76b458143644934092e96bae27566c8,
        type: 3}
      propertyPath: m_RootOrder
      value: 3
      objectReference: {fileID: 0}
    - target: {fileID: 4903199528829963158, guid: e76b458143644934092e96bae27566c8,
        type: 3}
      propertyPath: m_LocalEulerAnglesHint.x
      value: 0
      objectReference: {fileID: 0}
    - target: {fileID: 4903199528829963158, guid: e76b458143644934092e96bae27566c8,
        type: 3}
      propertyPath: m_LocalEulerAnglesHint.y
      value: 0
      objectReference: {fileID: 0}
    - target: {fileID: 4903199528829963158, guid: e76b458143644934092e96bae27566c8,
        type: 3}
      propertyPath: m_LocalEulerAnglesHint.z
      value: 0
      objectReference: {fileID: 0}
    - target: {fileID: 4903199528829963158, guid: e76b458143644934092e96bae27566c8,
        type: 3}
      propertyPath: m_AnchoredPosition.x
      value: 0.19999695
      objectReference: {fileID: 0}
    - target: {fileID: 4903199528829963158, guid: e76b458143644934092e96bae27566c8,
        type: 3}
      propertyPath: m_AnchoredPosition.y
      value: 0.3000183
      objectReference: {fileID: 0}
    - target: {fileID: 4903199528829963158, guid: e76b458143644934092e96bae27566c8,
        type: 3}
      propertyPath: m_SizeDelta.x
      value: -1
      objectReference: {fileID: 0}
    - target: {fileID: 4903199528829963158, guid: e76b458143644934092e96bae27566c8,
        type: 3}
      propertyPath: m_SizeDelta.y
      value: -1
      objectReference: {fileID: 0}
    - target: {fileID: 4903199528829963158, guid: e76b458143644934092e96bae27566c8,
        type: 3}
      propertyPath: m_AnchorMin.x
      value: 0.32439604
      objectReference: {fileID: 0}
    - target: {fileID: 4903199528829963158, guid: e76b458143644934092e96bae27566c8,
        type: 3}
      propertyPath: m_AnchorMin.y
      value: 0.13954316
      objectReference: {fileID: 0}
    - target: {fileID: 4903199528829963158, guid: e76b458143644934092e96bae27566c8,
        type: 3}
      propertyPath: m_AnchorMax.x
      value: 0.35000002
      objectReference: {fileID: 0}
    - target: {fileID: 4903199528829963158, guid: e76b458143644934092e96bae27566c8,
        type: 3}
      propertyPath: m_AnchorMax.y
      value: 0.1803909
      objectReference: {fileID: 0}
    - target: {fileID: 4903199528829963158, guid: e76b458143644934092e96bae27566c8,
        type: 3}
      propertyPath: m_Pivot.x
      value: 0.5
      objectReference: {fileID: 0}
    - target: {fileID: 4903199528829963158, guid: e76b458143644934092e96bae27566c8,
        type: 3}
      propertyPath: m_Pivot.y
      value: 0.5
      objectReference: {fileID: 0}
    - target: {fileID: 4903199528829963158, guid: e76b458143644934092e96bae27566c8,
        type: 3}
      propertyPath: m_LocalScale.x
      value: 0.999972
      objectReference: {fileID: 0}
    - target: {fileID: 4903199528829963158, guid: e76b458143644934092e96bae27566c8,
        type: 3}
      propertyPath: m_LocalScale.y
      value: 0.999972
      objectReference: {fileID: 0}
    - target: {fileID: 4903199528829963158, guid: e76b458143644934092e96bae27566c8,
        type: 3}
      propertyPath: m_LocalScale.z
      value: 0.999972
      objectReference: {fileID: 0}
    m_RemovedComponents: []
  m_SourcePrefab: {fileID: 100100000, guid: e76b458143644934092e96bae27566c8, type: 3}
--- !u!224 &6658050922562264708 stripped
RectTransform:
  m_CorrespondingSourceObject: {fileID: 4903199528829963158, guid: e76b458143644934092e96bae27566c8,
    type: 3}
  m_PrefabInstance: {fileID: 1760221322623636754}
  m_PrefabAsset: {fileID: 0}
--- !u!1001 &3103428377865811944
PrefabInstance:
  m_ObjectHideFlags: 0
  serializedVersion: 2
  m_Modification:
    m_TransformParent: {fileID: 5868082550730976297}
    m_Modifications:
    - target: {fileID: 720537511842819885, guid: e76b458143644934092e96bae27566c8,
        type: 3}
      propertyPath: m_Name
      value: SpawnDesertEst
      objectReference: {fileID: 0}
    - target: {fileID: 4903199528829963158, guid: e76b458143644934092e96bae27566c8,
        type: 3}
      propertyPath: m_LocalPosition.x
      value: 0
      objectReference: {fileID: 0}
    - target: {fileID: 4903199528829963158, guid: e76b458143644934092e96bae27566c8,
        type: 3}
      propertyPath: m_LocalPosition.y
      value: 0
      objectReference: {fileID: 0}
    - target: {fileID: 4903199528829963158, guid: e76b458143644934092e96bae27566c8,
        type: 3}
      propertyPath: m_LocalPosition.z
      value: 0
      objectReference: {fileID: 0}
    - target: {fileID: 4903199528829963158, guid: e76b458143644934092e96bae27566c8,
        type: 3}
      propertyPath: m_LocalRotation.x
      value: -0
      objectReference: {fileID: 0}
    - target: {fileID: 4903199528829963158, guid: e76b458143644934092e96bae27566c8,
        type: 3}
      propertyPath: m_LocalRotation.y
      value: -0
      objectReference: {fileID: 0}
    - target: {fileID: 4903199528829963158, guid: e76b458143644934092e96bae27566c8,
        type: 3}
      propertyPath: m_LocalRotation.z
      value: -0
      objectReference: {fileID: 0}
    - target: {fileID: 4903199528829963158, guid: e76b458143644934092e96bae27566c8,
        type: 3}
      propertyPath: m_LocalRotation.w
      value: 1
      objectReference: {fileID: 0}
    - target: {fileID: 4903199528829963158, guid: e76b458143644934092e96bae27566c8,
        type: 3}
      propertyPath: m_RootOrder
      value: 6
      objectReference: {fileID: 0}
    - target: {fileID: 4903199528829963158, guid: e76b458143644934092e96bae27566c8,
        type: 3}
      propertyPath: m_LocalEulerAnglesHint.x
      value: 0
      objectReference: {fileID: 0}
    - target: {fileID: 4903199528829963158, guid: e76b458143644934092e96bae27566c8,
        type: 3}
      propertyPath: m_LocalEulerAnglesHint.y
      value: 0
      objectReference: {fileID: 0}
    - target: {fileID: 4903199528829963158, guid: e76b458143644934092e96bae27566c8,
        type: 3}
      propertyPath: m_LocalEulerAnglesHint.z
      value: 0
      objectReference: {fileID: 0}
    - target: {fileID: 4903199528829963158, guid: e76b458143644934092e96bae27566c8,
        type: 3}
      propertyPath: m_AnchoredPosition.x
      value: 0
      objectReference: {fileID: 0}
    - target: {fileID: 4903199528829963158, guid: e76b458143644934092e96bae27566c8,
        type: 3}
      propertyPath: m_AnchoredPosition.y
      value: 0
      objectReference: {fileID: 0}
    - target: {fileID: 4903199528829963158, guid: e76b458143644934092e96bae27566c8,
        type: 3}
      propertyPath: m_SizeDelta.x
      value: 0
      objectReference: {fileID: 0}
    - target: {fileID: 4903199528829963158, guid: e76b458143644934092e96bae27566c8,
        type: 3}
      propertyPath: m_SizeDelta.y
      value: 0
      objectReference: {fileID: 0}
    - target: {fileID: 4903199528829963158, guid: e76b458143644934092e96bae27566c8,
        type: 3}
      propertyPath: m_AnchorMin.x
      value: 0.642
      objectReference: {fileID: 0}
    - target: {fileID: 4903199528829963158, guid: e76b458143644934092e96bae27566c8,
        type: 3}
      propertyPath: m_AnchorMin.y
      value: 0.41700003
      objectReference: {fileID: 0}
    - target: {fileID: 4903199528829963158, guid: e76b458143644934092e96bae27566c8,
        type: 3}
      propertyPath: m_AnchorMax.x
      value: 0.6648884
      objectReference: {fileID: 0}
    - target: {fileID: 4903199528829963158, guid: e76b458143644934092e96bae27566c8,
        type: 3}
      propertyPath: m_AnchorMax.y
      value: 0.45733577
      objectReference: {fileID: 0}
    - target: {fileID: 4903199528829963158, guid: e76b458143644934092e96bae27566c8,
        type: 3}
      propertyPath: m_Pivot.x
      value: 0.5
      objectReference: {fileID: 0}
    - target: {fileID: 4903199528829963158, guid: e76b458143644934092e96bae27566c8,
        type: 3}
      propertyPath: m_Pivot.y
      value: 0.5
      objectReference: {fileID: 0}
    - target: {fileID: 4903199528829963158, guid: e76b458143644934092e96bae27566c8,
        type: 3}
      propertyPath: m_LocalScale.x
      value: 1.0001029
      objectReference: {fileID: 0}
    - target: {fileID: 4903199528829963158, guid: e76b458143644934092e96bae27566c8,
        type: 3}
      propertyPath: m_LocalScale.y
      value: 1.0001029
      objectReference: {fileID: 0}
    - target: {fileID: 4903199528829963158, guid: e76b458143644934092e96bae27566c8,
        type: 3}
      propertyPath: m_LocalScale.z
      value: 1.0001029
      objectReference: {fileID: 0}
    m_RemovedComponents: []
  m_SourcePrefab: {fileID: 100100000, guid: e76b458143644934092e96bae27566c8, type: 3}
--- !u!224 &8005779820288621694 stripped
RectTransform:
  m_CorrespondingSourceObject: {fileID: 4903199528829963158, guid: e76b458143644934092e96bae27566c8,
    type: 3}
  m_PrefabInstance: {fileID: 3103428377865811944}
  m_PrefabAsset: {fileID: 0}
--- !u!1001 &5930013139718610715
PrefabInstance:
  m_ObjectHideFlags: 0
  serializedVersion: 2
  m_Modification:
    m_TransformParent: {fileID: 5868082550730976297}
    m_Modifications:
    - target: {fileID: 720537511842819885, guid: e76b458143644934092e96bae27566c8,
        type: 3}
      propertyPath: m_Name
      value: SpawnDesertOuest
      objectReference: {fileID: 0}
    - target: {fileID: 4903199528829963158, guid: e76b458143644934092e96bae27566c8,
        type: 3}
      propertyPath: m_LocalPosition.x
      value: 0
      objectReference: {fileID: 0}
    - target: {fileID: 4903199528829963158, guid: e76b458143644934092e96bae27566c8,
        type: 3}
      propertyPath: m_LocalPosition.y
      value: 0
      objectReference: {fileID: 0}
    - target: {fileID: 4903199528829963158, guid: e76b458143644934092e96bae27566c8,
        type: 3}
      propertyPath: m_LocalPosition.z
      value: 0
      objectReference: {fileID: 0}
    - target: {fileID: 4903199528829963158, guid: e76b458143644934092e96bae27566c8,
        type: 3}
      propertyPath: m_LocalRotation.x
      value: -0
      objectReference: {fileID: 0}
    - target: {fileID: 4903199528829963158, guid: e76b458143644934092e96bae27566c8,
        type: 3}
      propertyPath: m_LocalRotation.y
      value: -0
      objectReference: {fileID: 0}
    - target: {fileID: 4903199528829963158, guid: e76b458143644934092e96bae27566c8,
        type: 3}
      propertyPath: m_LocalRotation.z
      value: -0
      objectReference: {fileID: 0}
    - target: {fileID: 4903199528829963158, guid: e76b458143644934092e96bae27566c8,
        type: 3}
      propertyPath: m_LocalRotation.w
      value: 1
      objectReference: {fileID: 0}
    - target: {fileID: 4903199528829963158, guid: e76b458143644934092e96bae27566c8,
        type: 3}
      propertyPath: m_RootOrder
      value: 2
      objectReference: {fileID: 0}
    - target: {fileID: 4903199528829963158, guid: e76b458143644934092e96bae27566c8,
        type: 3}
      propertyPath: m_LocalEulerAnglesHint.x
      value: 0
      objectReference: {fileID: 0}
    - target: {fileID: 4903199528829963158, guid: e76b458143644934092e96bae27566c8,
        type: 3}
      propertyPath: m_LocalEulerAnglesHint.y
      value: 0
      objectReference: {fileID: 0}
    - target: {fileID: 4903199528829963158, guid: e76b458143644934092e96bae27566c8,
        type: 3}
      propertyPath: m_LocalEulerAnglesHint.z
      value: 0
      objectReference: {fileID: 0}
    - target: {fileID: 4903199528829963158, guid: e76b458143644934092e96bae27566c8,
        type: 3}
      propertyPath: m_AnchoredPosition.x
      value: -0.19998169
      objectReference: {fileID: 0}
    - target: {fileID: 4903199528829963158, guid: e76b458143644934092e96bae27566c8,
        type: 3}
      propertyPath: m_AnchoredPosition.y
      value: 0.099998474
      objectReference: {fileID: 0}
    - target: {fileID: 4903199528829963158, guid: e76b458143644934092e96bae27566c8,
        type: 3}
      propertyPath: m_SizeDelta.x
      value: 0
      objectReference: {fileID: 0}
    - target: {fileID: 4903199528829963158, guid: e76b458143644934092e96bae27566c8,
        type: 3}
      propertyPath: m_SizeDelta.y
      value: 0
      objectReference: {fileID: 0}
    - target: {fileID: 4903199528829963158, guid: e76b458143644934092e96bae27566c8,
        type: 3}
      propertyPath: m_AnchorMin.x
      value: 0.31584904
      objectReference: {fileID: 0}
    - target: {fileID: 4903199528829963158, guid: e76b458143644934092e96bae27566c8,
        type: 3}
      propertyPath: m_AnchorMin.y
      value: 0.4492386
      objectReference: {fileID: 0}
    - target: {fileID: 4903199528829963158, guid: e76b458143644934092e96bae27566c8,
        type: 3}
      propertyPath: m_AnchorMax.x
      value: 0.33860397
      objectReference: {fileID: 0}
    - target: {fileID: 4903199528829963158, guid: e76b458143644934092e96bae27566c8,
        type: 3}
      propertyPath: m_AnchorMax.y
      value: 0.485
      objectReference: {fileID: 0}
    - target: {fileID: 4903199528829963158, guid: e76b458143644934092e96bae27566c8,
        type: 3}
      propertyPath: m_Pivot.x
      value: 0.5
      objectReference: {fileID: 0}
    - target: {fileID: 4903199528829963158, guid: e76b458143644934092e96bae27566c8,
        type: 3}
      propertyPath: m_Pivot.y
      value: 0.5
      objectReference: {fileID: 0}
    - target: {fileID: 4903199528829963158, guid: e76b458143644934092e96bae27566c8,
        type: 3}
      propertyPath: m_LocalScale.x
      value: 0.999972
      objectReference: {fileID: 0}
    - target: {fileID: 4903199528829963158, guid: e76b458143644934092e96bae27566c8,
        type: 3}
      propertyPath: m_LocalScale.y
      value: 0.999972
      objectReference: {fileID: 0}
    - target: {fileID: 4903199528829963158, guid: e76b458143644934092e96bae27566c8,
        type: 3}
      propertyPath: m_LocalScale.z
      value: 0.999972
      objectReference: {fileID: 0}
    m_RemovedComponents: []
  m_SourcePrefab: {fileID: 100100000, guid: e76b458143644934092e96bae27566c8, type: 3}
--- !u!224 &1603292971155215501 stripped
RectTransform:
  m_CorrespondingSourceObject: {fileID: 4903199528829963158, guid: e76b458143644934092e96bae27566c8,
    type: 3}
  m_PrefabInstance: {fileID: 5930013139718610715}
  m_PrefabAsset: {fileID: 0}
--- !u!1001 &6927784947115147169
PrefabInstance:
  m_ObjectHideFlags: 0
  serializedVersion: 2
  m_Modification:
    m_TransformParent: {fileID: 5868082550730976297}
    m_Modifications:
    - target: {fileID: 720537511842819885, guid: e76b458143644934092e96bae27566c8,
        type: 3}
      propertyPath: m_Name
      value: SpawnNeigeOuest
      objectReference: {fileID: 0}
    - target: {fileID: 4903199528829963158, guid: e76b458143644934092e96bae27566c8,
        type: 3}
      propertyPath: m_LocalPosition.x
      value: 0
      objectReference: {fileID: 0}
    - target: {fileID: 4903199528829963158, guid: e76b458143644934092e96bae27566c8,
        type: 3}
      propertyPath: m_LocalPosition.y
      value: 0
      objectReference: {fileID: 0}
    - target: {fileID: 4903199528829963158, guid: e76b458143644934092e96bae27566c8,
        type: 3}
      propertyPath: m_LocalPosition.z
      value: 0
      objectReference: {fileID: 0}
    - target: {fileID: 4903199528829963158, guid: e76b458143644934092e96bae27566c8,
        type: 3}
      propertyPath: m_LocalRotation.x
      value: 0
      objectReference: {fileID: 0}
    - target: {fileID: 4903199528829963158, guid: e76b458143644934092e96bae27566c8,
        type: 3}
      propertyPath: m_LocalRotation.y
      value: 0
      objectReference: {fileID: 0}
    - target: {fileID: 4903199528829963158, guid: e76b458143644934092e96bae27566c8,
        type: 3}
      propertyPath: m_LocalRotation.z
      value: 0
      objectReference: {fileID: 0}
    - target: {fileID: 4903199528829963158, guid: e76b458143644934092e96bae27566c8,
        type: 3}
      propertyPath: m_LocalRotation.w
      value: 1
      objectReference: {fileID: 0}
    - target: {fileID: 4903199528829963158, guid: e76b458143644934092e96bae27566c8,
        type: 3}
      propertyPath: m_RootOrder
      value: 0
      objectReference: {fileID: 0}
    - target: {fileID: 4903199528829963158, guid: e76b458143644934092e96bae27566c8,
        type: 3}
      propertyPath: m_LocalEulerAnglesHint.x
      value: 0
      objectReference: {fileID: 0}
    - target: {fileID: 4903199528829963158, guid: e76b458143644934092e96bae27566c8,
        type: 3}
      propertyPath: m_LocalEulerAnglesHint.y
      value: 0
      objectReference: {fileID: 0}
    - target: {fileID: 4903199528829963158, guid: e76b458143644934092e96bae27566c8,
        type: 3}
      propertyPath: m_LocalEulerAnglesHint.z
      value: 0
      objectReference: {fileID: 0}
    - target: {fileID: 4903199528829963158, guid: e76b458143644934092e96bae27566c8,
        type: 3}
      propertyPath: m_AnchoredPosition.x
      value: 0
      objectReference: {fileID: 0}
    - target: {fileID: 4903199528829963158, guid: e76b458143644934092e96bae27566c8,
        type: 3}
      propertyPath: m_AnchoredPosition.y
      value: 0
      objectReference: {fileID: 0}
    - target: {fileID: 4903199528829963158, guid: e76b458143644934092e96bae27566c8,
        type: 3}
      propertyPath: m_SizeDelta.x
      value: 0
      objectReference: {fileID: 0}
    - target: {fileID: 4903199528829963158, guid: e76b458143644934092e96bae27566c8,
        type: 3}
      propertyPath: m_SizeDelta.y
      value: 0
      objectReference: {fileID: 0}
    - target: {fileID: 4903199528829963158, guid: e76b458143644934092e96bae27566c8,
        type: 3}
      propertyPath: m_AnchorMin.x
      value: 0.37554705
      objectReference: {fileID: 0}
    - target: {fileID: 4903199528829963158, guid: e76b458143644934092e96bae27566c8,
        type: 3}
      propertyPath: m_AnchorMin.y
      value: 0.91600007
      objectReference: {fileID: 0}
    - target: {fileID: 4903199528829963158, guid: e76b458143644934092e96bae27566c8,
        type: 3}
      propertyPath: m_AnchorMax.x
      value: 0.39769804
      objectReference: {fileID: 0}
    - target: {fileID: 4903199528829963158, guid: e76b458143644934092e96bae27566c8,
        type: 3}
      propertyPath: m_AnchorMax.y
      value: 0.95300007
      objectReference: {fileID: 0}
    - target: {fileID: 4903199528829963158, guid: e76b458143644934092e96bae27566c8,
        type: 3}
      propertyPath: m_Pivot.x
      value: 0.5
      objectReference: {fileID: 0}
    - target: {fileID: 4903199528829963158, guid: e76b458143644934092e96bae27566c8,
        type: 3}
      propertyPath: m_Pivot.y
      value: 0.5
      objectReference: {fileID: 0}
    m_RemovedComponents: []
  m_SourcePrefab: {fileID: 100100000, guid: e76b458143644934092e96bae27566c8, type: 3}
--- !u!224 &2607520730801075255 stripped
RectTransform:
  m_CorrespondingSourceObject: {fileID: 4903199528829963158, guid: e76b458143644934092e96bae27566c8,
    type: 3}
  m_PrefabInstance: {fileID: 6927784947115147169}
  m_PrefabAsset: {fileID: 0}
--- !u!1001 &8453140749620519342
PrefabInstance:
  m_ObjectHideFlags: 0
  serializedVersion: 2
  m_Modification:
    m_TransformParent: {fileID: 5868082550730976297}
    m_Modifications:
    - target: {fileID: 720537511842819885, guid: e76b458143644934092e96bae27566c8,
        type: 3}
      propertyPath: m_Name
      value: SpawnPlaineHauteEst
      objectReference: {fileID: 0}
    - target: {fileID: 4903199528829963158, guid: e76b458143644934092e96bae27566c8,
        type: 3}
      propertyPath: m_LocalPosition.x
      value: 0
      objectReference: {fileID: 0}
    - target: {fileID: 4903199528829963158, guid: e76b458143644934092e96bae27566c8,
        type: 3}
      propertyPath: m_LocalPosition.y
      value: 0
      objectReference: {fileID: 0}
    - target: {fileID: 4903199528829963158, guid: e76b458143644934092e96bae27566c8,
        type: 3}
      propertyPath: m_LocalPosition.z
      value: 0
      objectReference: {fileID: 0}
    - target: {fileID: 4903199528829963158, guid: e76b458143644934092e96bae27566c8,
        type: 3}
      propertyPath: m_LocalRotation.x
      value: -0
      objectReference: {fileID: 0}
    - target: {fileID: 4903199528829963158, guid: e76b458143644934092e96bae27566c8,
        type: 3}
      propertyPath: m_LocalRotation.y
      value: -0
      objectReference: {fileID: 0}
    - target: {fileID: 4903199528829963158, guid: e76b458143644934092e96bae27566c8,
        type: 3}
      propertyPath: m_LocalRotation.z
      value: -0
      objectReference: {fileID: 0}
    - target: {fileID: 4903199528829963158, guid: e76b458143644934092e96bae27566c8,
        type: 3}
      propertyPath: m_LocalRotation.w
      value: 1
      objectReference: {fileID: 0}
    - target: {fileID: 4903199528829963158, guid: e76b458143644934092e96bae27566c8,
        type: 3}
      propertyPath: m_RootOrder
      value: 5
      objectReference: {fileID: 0}
    - target: {fileID: 4903199528829963158, guid: e76b458143644934092e96bae27566c8,
        type: 3}
      propertyPath: m_LocalEulerAnglesHint.x
      value: 0
      objectReference: {fileID: 0}
    - target: {fileID: 4903199528829963158, guid: e76b458143644934092e96bae27566c8,
        type: 3}
      propertyPath: m_LocalEulerAnglesHint.y
      value: 0
      objectReference: {fileID: 0}
    - target: {fileID: 4903199528829963158, guid: e76b458143644934092e96bae27566c8,
        type: 3}
      propertyPath: m_LocalEulerAnglesHint.z
      value: 0
      objectReference: {fileID: 0}
    - target: {fileID: 4903199528829963158, guid: e76b458143644934092e96bae27566c8,
        type: 3}
      propertyPath: m_AnchoredPosition.x
      value: -0.1000061
      objectReference: {fileID: 0}
    - target: {fileID: 4903199528829963158, guid: e76b458143644934092e96bae27566c8,
        type: 3}
      propertyPath: m_AnchoredPosition.y
      value: -0.19999695
      objectReference: {fileID: 0}
    - target: {fileID: 4903199528829963158, guid: e76b458143644934092e96bae27566c8,
        type: 3}
      propertyPath: m_SizeDelta.x
      value: 0
      objectReference: {fileID: 0}
    - target: {fileID: 4903199528829963158, guid: e76b458143644934092e96bae27566c8,
        type: 3}
      propertyPath: m_SizeDelta.y
      value: 0
      objectReference: {fileID: 0}
    - target: {fileID: 4903199528829963158, guid: e76b458143644934092e96bae27566c8,
        type: 3}
      propertyPath: m_AnchorMin.x
      value: 0.68083376
      objectReference: {fileID: 0}
    - target: {fileID: 4903199528829963158, guid: e76b458143644934092e96bae27566c8,
        type: 3}
      propertyPath: m_AnchorMin.y
      value: 0.656
      objectReference: {fileID: 0}
    - target: {fileID: 4903199528829963158, guid: e76b458143644934092e96bae27566c8,
        type: 3}
      propertyPath: m_AnchorMax.x
      value: 0.70272213
      objectReference: {fileID: 0}
    - target: {fileID: 4903199528829963158, guid: e76b458143644934092e96bae27566c8,
        type: 3}
      propertyPath: m_AnchorMax.y
      value: 0.693
      objectReference: {fileID: 0}
    - target: {fileID: 4903199528829963158, guid: e76b458143644934092e96bae27566c8,
        type: 3}
      propertyPath: m_Pivot.x
      value: 0.5
      objectReference: {fileID: 0}
    - target: {fileID: 4903199528829963158, guid: e76b458143644934092e96bae27566c8,
        type: 3}
      propertyPath: m_Pivot.y
      value: 0.5
      objectReference: {fileID: 0}
    - target: {fileID: 4903199528829963158, guid: e76b458143644934092e96bae27566c8,
        type: 3}
      propertyPath: m_LocalScale.x
      value: 1.0001029
      objectReference: {fileID: 0}
    - target: {fileID: 4903199528829963158, guid: e76b458143644934092e96bae27566c8,
        type: 3}
      propertyPath: m_LocalScale.y
      value: 1.0001029
      objectReference: {fileID: 0}
    - target: {fileID: 4903199528829963158, guid: e76b458143644934092e96bae27566c8,
        type: 3}
      propertyPath: m_LocalScale.z
      value: 1.0001029
      objectReference: {fileID: 0}
    m_RemovedComponents: []
  m_SourcePrefab: {fileID: 100100000, guid: e76b458143644934092e96bae27566c8, type: 3}
--- !u!224 &3550031984263129656 stripped
RectTransform:
  m_CorrespondingSourceObject: {fileID: 4903199528829963158, guid: e76b458143644934092e96bae27566c8,
    type: 3}
  m_PrefabInstance: {fileID: 8453140749620519342}
  m_PrefabAsset: {fileID: 0}
--- !u!1001 &8957738669315699502
PrefabInstance:
  m_ObjectHideFlags: 0
  serializedVersion: 2
  m_Modification:
    m_TransformParent: {fileID: 5868082550730976297}
    m_Modifications:
    - target: {fileID: 720537511842819885, guid: e76b458143644934092e96bae27566c8,
        type: 3}
      propertyPath: m_Name
      value: SpawnNeigeEst
      objectReference: {fileID: 0}
    - target: {fileID: 4903199528829963158, guid: e76b458143644934092e96bae27566c8,
        type: 3}
      propertyPath: m_LocalPosition.x
      value: 0
      objectReference: {fileID: 0}
    - target: {fileID: 4903199528829963158, guid: e76b458143644934092e96bae27566c8,
        type: 3}
      propertyPath: m_LocalPosition.y
      value: 0
      objectReference: {fileID: 0}
    - target: {fileID: 4903199528829963158, guid: e76b458143644934092e96bae27566c8,
        type: 3}
      propertyPath: m_LocalPosition.z
      value: 0
      objectReference: {fileID: 0}
    - target: {fileID: 4903199528829963158, guid: e76b458143644934092e96bae27566c8,
        type: 3}
      propertyPath: m_LocalRotation.x
      value: -0
      objectReference: {fileID: 0}
    - target: {fileID: 4903199528829963158, guid: e76b458143644934092e96bae27566c8,
        type: 3}
      propertyPath: m_LocalRotation.y
      value: -0
      objectReference: {fileID: 0}
    - target: {fileID: 4903199528829963158, guid: e76b458143644934092e96bae27566c8,
        type: 3}
      propertyPath: m_LocalRotation.z
      value: -0
      objectReference: {fileID: 0}
    - target: {fileID: 4903199528829963158, guid: e76b458143644934092e96bae27566c8,
        type: 3}
      propertyPath: m_LocalRotation.w
      value: 1
      objectReference: {fileID: 0}
    - target: {fileID: 4903199528829963158, guid: e76b458143644934092e96bae27566c8,
        type: 3}
      propertyPath: m_RootOrder
      value: 4
      objectReference: {fileID: 0}
    - target: {fileID: 4903199528829963158, guid: e76b458143644934092e96bae27566c8,
        type: 3}
      propertyPath: m_LocalEulerAnglesHint.x
      value: 0
      objectReference: {fileID: 0}
    - target: {fileID: 4903199528829963158, guid: e76b458143644934092e96bae27566c8,
        type: 3}
      propertyPath: m_LocalEulerAnglesHint.y
      value: 0
      objectReference: {fileID: 0}
    - target: {fileID: 4903199528829963158, guid: e76b458143644934092e96bae27566c8,
        type: 3}
      propertyPath: m_LocalEulerAnglesHint.z
      value: 0
      objectReference: {fileID: 0}
    - target: {fileID: 4903199528829963158, guid: e76b458143644934092e96bae27566c8,
        type: 3}
      propertyPath: m_AnchoredPosition.x
      value: 0
      objectReference: {fileID: 0}
    - target: {fileID: 4903199528829963158, guid: e76b458143644934092e96bae27566c8,
        type: 3}
      propertyPath: m_AnchoredPosition.y
      value: 0
      objectReference: {fileID: 0}
    - target: {fileID: 4903199528829963158, guid: e76b458143644934092e96bae27566c8,
        type: 3}
      propertyPath: m_SizeDelta.x
      value: 0
      objectReference: {fileID: 0}
    - target: {fileID: 4903199528829963158, guid: e76b458143644934092e96bae27566c8,
        type: 3}
      propertyPath: m_SizeDelta.y
      value: 0
      objectReference: {fileID: 0}
    - target: {fileID: 4903199528829963158, guid: e76b458143644934092e96bae27566c8,
        type: 3}
      propertyPath: m_AnchorMin.x
      value: 0.58283377
      objectReference: {fileID: 0}
    - target: {fileID: 4903199528829963158, guid: e76b458143644934092e96bae27566c8,
        type: 3}
      propertyPath: m_AnchorMin.y
      value: 0.892
      objectReference: {fileID: 0}
    - target: {fileID: 4903199528829963158, guid: e76b458143644934092e96bae27566c8,
        type: 3}
      propertyPath: m_AnchorMax.x
      value: 0.6048338
      objectReference: {fileID: 0}
    - target: {fileID: 4903199528829963158, guid: e76b458143644934092e96bae27566c8,
        type: 3}
      propertyPath: m_AnchorMax.y
      value: 0.929
      objectReference: {fileID: 0}
    - target: {fileID: 4903199528829963158, guid: e76b458143644934092e96bae27566c8,
        type: 3}
      propertyPath: m_Pivot.x
      value: 0.5
      objectReference: {fileID: 0}
    - target: {fileID: 4903199528829963158, guid: e76b458143644934092e96bae27566c8,
        type: 3}
      propertyPath: m_Pivot.y
      value: 0.5
      objectReference: {fileID: 0}
    - target: {fileID: 4903199528829963158, guid: e76b458143644934092e96bae27566c8,
        type: 3}
      propertyPath: m_LocalScale.x
      value: 1.0001029
      objectReference: {fileID: 0}
    - target: {fileID: 4903199528829963158, guid: e76b458143644934092e96bae27566c8,
        type: 3}
      propertyPath: m_LocalScale.y
      value: 1.0001029
      objectReference: {fileID: 0}
    - target: {fileID: 4903199528829963158, guid: e76b458143644934092e96bae27566c8,
        type: 3}
      propertyPath: m_LocalScale.z
      value: 1.0001029
      objectReference: {fileID: 0}
    m_RemovedComponents: []
  m_SourcePrefab: {fileID: 100100000, guid: e76b458143644934092e96bae27566c8, type: 3}
--- !u!224 &4061101320102377656 stripped
RectTransform:
  m_CorrespondingSourceObject: {fileID: 4903199528829963158, guid: e76b458143644934092e96bae27566c8,
    type: 3}
  m_PrefabInstance: {fileID: 8957738669315699502}
  m_PrefabAsset: {fileID: 0}
